@article{turing1952morphogenesis,
  title={The Chemical Basis of Morphogenesis},
  author={Turing, Alan M.},
  journal={Philosophical Transactions of the Royal Society of London. Series B},
  year={1952}
}

@book{landau1980statistical,
  title={Statistical Physics},
  author={Landau, L. D. and Lifshitz, E. M.},
  year={1980}
}

